<?xml version="1.0" encoding="UTF-8"?><record xmlns="http://www.loc.gov/MARC21/slim" xmlns:cinclude="http://apache.org/cocoon/include/1.0" xmlns:zs="http://www.loc.gov/zing/srw/">
  <leader>00433nz  a2200133n  4500</leader>
  <controlfield tag="001">n  85812133 </controlfield>
  <controlfield tag="003">DLC</controlfield>
  <controlfield tag="005">19850930155224.1</controlfield>
  <controlfield tag="008">850805n| acannaab|          |n aad |||  </controlfield>
  <datafield tag="010" ind1=" " ind2=" ">
    <subfield code="a">n  85812133 </subfield>
  </datafield>
  <datafield tag="040" ind1=" " ind2=" ">
    <subfield code="a">DLC</subfield>
    <subfield code="c">DLC</subfield>
  </datafield>
  <datafield tag="100" ind1="1" ind2="0">
    <subfield code="a">Hertz, Grete Janus,</subfield>
    <subfield code="d">1915-</subfield>
  </datafield>
  <datafield tag="667" ind1=" " ind2=" ">
    <subfield code="a">Author's birthdate acquired from prem file.</subfield>
  </datafield>
  <datafield tag="670" ind1=" " ind2=" ">
    <subfield code="a">nuc85-43713: His The yellow house, c1982</subfield>
    <subfield code="b">(hdg. on CaBVaU rept.: Hertz, Grete Janus; usage: Grete Janus Hertz)</subfield>
  </datafield>
</record>